Automatically generated by Mendeley Desktop 1.11
Any changes to this file will be lost if it is regenerated by Mendeley.

BibTeX export options can be customized via Preferences -> BibTeX in Mendeley Desktop

@inproceedings{Xu2006,
author = {Xu, Zhao and Tresp, Volker and Yu, Kai and Kriegel, Hans-peter},
booktitle = {Proceedings of the Twenty-Second Conference on Uncertainty in Artificial Intelligence},
file = {:Users/jonas/Documents/Mendeley Desktop/Xu et al. - 2006 - Infinite Hidden Relational Models.pdf:pdf},
keywords = {blockmodel,relational},
mendeley-tags = {blockmodel,relational},
title = {{Infinite Hidden Relational Models}},
year = {2006}
}
@article{Ho2012,
author = {Ho, Qirong and Parikh, Ankur P. and Xing, Eric P.},
doi = {10.1080/01621459.2012.682530},
file = {:Users/jonas/Documents/Mendeley Desktop/Ho, Parikh, Xing - 2012 - A Multiscale Community Blockmodel for Network Exploration.pdf:pdf},
isbn = {0001409107},
issn = {0162-1459},
journal = {Journal of the American Statistical Association},
keywords = {bayesian nonparametrics,blockmodel,gibbs sampler,hierarchical network analysis,latent space model},
mendeley-tags = {blockmodel},
month = sep,
number = {499},
pages = {916--934},
title = {{A Multiscale Community Blockmodel for Network Exploration}},
url = {http://www.tandfonline.com/doi/abs/10.1080/01621459.2012.682530},
volume = {107},
year = {2012}
}
@article{Chang2010,
author = {Chang, Jonathan and Blei, David M.},
doi = {10.1214/09-AOAS309},
file = {:Users/jonas/Documents/Mendeley Desktop/Chang, Blei - 2010 - Hierarchical relational models for document networks.pdf:pdf},
issn = {1932-6157},
journal = {The Annals of Applied Statistics},
keywords = {relational},
mendeley-tags = {relational},
month = mar,
number = {1},
pages = {124--150},
title = {{Hierarchical relational models for document networks}},
url = {http://projecteuclid.org/euclid.aoas/1273584450},
volume = {4},
year = {2010}
}
@inproceedings{Kemp2006a,
author = {Kemp, Charles and Tenenbaum, JB and Griffiths, TL},
booktitle = {Twenty-first National Conference on Artificial Intelligence (AAAI-06)},
file = {:Users/jonas/Documents/Mendeley Desktop/Kemp, Tenenbaum, Griffiths - 2006 - Learning systems of concepts with an infinite relational model.pdf:pdf},
keywords = {blockmodel,relational},
mendeley-tags = {blockmodel,relational},
title = {{Learning systems of concepts with an infinite relational model}},
url = {http://www.aaai.org/Papers/AAAI/2006/AAAI06-061.pdf},
year = {2006}
}
@inproceedings{Ishiguro2012,
address = {La Palma, Canary Islands},
author = {Ishiguro, Katsuhiko},
booktitle = {Proceedings of the Fifteenth International Conference on Artificial Intelligence and Statistics},
editor = {Lawrence, Neil and Girolami, Mark},
file = {:Users/jonas/Documents/Mendeley Desktop/Ishiguro - 2012 - Subset Infinite Relational Models.pdf:pdf},
keywords = {relational},
mendeley-tags = {relational},
publisher = {JMLR WC\&P vol 22},
title = {{Subset Infinite Relational Models}},
volume = {XX},
year = {2012}
}
@inproceedings{Miller,
author = {Miller, Kurt T and Griffiths, Thomas L and Jordan, Michael I},
booktitle = {Advances in Neural Information Processing Systems 22},
editor = {Bengio, Y. and Schuurmans, D. and Lafferty, J. and Williams, C. K. I. and Culotta, A.},
file = {:Users/jonas/Documents/Mendeley Desktop/Miller, Griffiths, Jordan - 2009 - Nonparametric Latent Feature Models for Link Prediction.pdf:pdf},
keywords = {blockmodel},
mendeley-tags = {blockmodel},
pages = {1--9},
title = {{Nonparametric Latent Feature Models for Link Prediction}},
year = {2009}
}
@inproceedings{Ishiguro,
author = {Ishiguro, Katsuhiko and Iwata, Tomoharu and Tenenbaum, Joshua},
booktitle = {Advances in Neural Information Processing Systems 23},
editor = {Lafferty, J. and Williams, C. K. I. and Shawe-Taylor, J. and Zemel, R.S. and Culotta, A.},
file = {:Users/jonas/Documents/Mendeley Desktop/Ishiguro, Iwata, Tenenbaum - 2010 - Dynamic Infinite Relational Model for Time-varying Relational Data Analysis.pdf:pdf},
pages = {1--9},
title = {{Dynamic Infinite Relational Model for Time-varying Relational Data Analysis}},
year = {2010}
}
